<record><leader>00000cas a2200000Ia 4500</leader><controlfield tag="001">17468868</controlfield><controlfield tag="008">880212d19821988vauwr ne      0    0eng d</controlfield><datafield ind1=" " ind2=" " tag="010"><subfield code="a">sn 95079191 </subfield></datafield><datafield ind1=" " ind2=" " tag="040"><subfield code="a">VLW</subfield><subfield code="b">eng</subfield><subfield code="c">VLW</subfield><subfield code="d">NSD</subfield><subfield code="d">NVK</subfield><subfield code="d">OCLCQ</subfield></datafield><datafield ind1=" " ind2=" " tag="043"><subfield code="a">n-us-va</subfield></datafield><datafield ind1="0" ind2="0" tag="245"><subfield code="a">News &amp; county press.</subfield></datafield><datafield ind1="1" ind2="7" tag="246"><subfield code="a">News and county press</subfield></datafield><datafield ind1=" " ind2=" " tag="260"><subfield code="a">Buena Vista, Va. :</subfield><subfield code="b">Thomas Garlow</subfield></datafield><datafield ind1=" " ind2=" " tag="300"><subfield code="a">v. :</subfield><subfield code="b">ill. ;</subfield><subfield code="c">58 cm.</subfield></datafield><datafield ind1=" " ind2=" " tag="310"><subfield code="a">Weekly</subfield></datafield><datafield ind1="0" ind2=" " tag="362"><subfield code="a">Jan. 5, 1982-Apr. 27, 1988.</subfield></datafield><datafield ind1=" " ind2="0" tag="651"><subfield code="a">Buena Vista (Va.)</subfield><subfield code="v">Newspapers.</subfield></datafield><datafield ind1=" " ind2=" " tag="752"><subfield code="a">United States</subfield><subfield code="b">Virginia</subfield><subfield code="c">Rockbridge</subfield><subfield code="d">Buena Vista.</subfield></datafield><datafield ind1="0" ind2="0" tag="780"><subfield code="t">Buena Vista news</subfield><subfield code="w">(DLC)sn 95079148</subfield></datafield><datafield ind1="0" ind2="4" tag="785"><subfield code="t">Rockbridge weekly</subfield><subfield code="g">May 4, 1988</subfield><subfield code="x">1064-7759</subfield><subfield code="w">(DLC)sn 92005345</subfield><subfield code="w">(OCoLC)18728067</subfield></datafield></record>